<?xml version="1.0" encoding="UTF-8"?><collection xmlns="http://www.loc.gov/MARC21/slim"><record><leader>00442nam--2200169-i-4500</leader><controlfield tag="001">000012274</controlfield><controlfield tag="002">20161230</controlfield><controlfield tag="005">20161230201029</controlfield><controlfield tag="008">060222s1000------------r-----000-0-eng-d</controlfield><datafield ind1=" " ind2=" " tag="040"><subfield code="a">IFIN-HH</subfield></datafield><datafield ind1=" " ind2=" " tag="080"><subfield code="a">62(038)=002=590=20:801.323.2=590=20</subfield></datafield><datafield ind1="1" ind2=" " tag="110"><subfield code="a">Editura Tehnica</subfield></datafield><datafield ind1="1" ind2="0" tag="245"><subfield code="a">Dictionar tehnic roman-englez</subfield></datafield><datafield ind1=" " ind2=" " tag="260"><subfield code="a">Bucuresti</subfield><subfield code="b">Editura Tehnica</subfield><subfield code="c">1970</subfield></datafield><datafield ind1=" " ind2=" " tag="300"><subfield code="a">IX+1117P</subfield></datafield><datafield ind1=" " ind2=" " tag="852"><subfield code="a">D.455</subfield><subfield code="c">SLT</subfield></datafield><datafield ind1=" " ind2=" " tag="CAT"><subfield code="a">Sys</subfield><subfield code="c">20130226</subfield><subfield code="h">152904</subfield></datafield></record></collection>